@article{hawkinsNoteSkinEffect1956,
  title = {A {{Note}} on the {{Skin Effect}}},
  author = {Hawkins, Murray F.},
  date = {1956-12-01},
  journaltitle = {Journal of Petroleum Technology},
  volume = {8},
  number = {12},
  pages = {65--66},
  issn = {0149-2136, 1944-978X},
  doi = {10.2118/732-G},
  url = {https://onepetro.org/JPT/article/8/12/65/161031/A-Note-on-the-Skin-Effect},
  urldate = {2025-08-31},
  abstract = {Horner and van Everdingen have shown that the pressure drop within the wellbore, as a result of having produced the well at a constant rate q for time t, where t is sufficiently large, is:             (Equation 1)             van Everdingen observed that better agreement between theory and well performance can be obtained if, instead of assuming the permeability is ke everywhere about the well, it is assumed the permeability near the wellbore is substantially reduced as a result of drilling, completion and/or production practices. In order to account for the additional pressure drop he introduced the dimensionless quantity S, the skin effect factor, so that Eq. 1 becomes:             (Equation 2)             Eq. 2 might have also been obtained as follows. Assume a zone of altered permeability ka exists about the well out to a radius ra, and beyond that the unaltered, external permeability ke. The additional pressure drop required to overcome this skin of reduced permeability may be calculated with sufficient accuracy using the incompressible flow equation; for Brownscombe and Collins have shown almost no difference between compressible and incompressible steady-state flow, in the vicinity of the wellbore, and the small volume of fluid in the vicinity of the wellbore makes unsteady-state mechanics unnecessary. Then,             (Equation 3)             The sign of this skin pressure drop will be positive or negative depending upon whether the altered permeability ka is smaller or larger, respectively, than the external permeability ke.},
  langid = {english},
  file = {D:\YD\zotero\files\Hawkins\Hawkins - 1956 - A Note on the Skin Effect.pdf}
}

@book{erlagerGidrodinamicheskieMetodyIssledovaniya2006,
  title = {Гидродинамические методы исследования скважин},
  author = {Эрлагер, Роберт},
  date = {2006},
  publisher = {Институт компьютерных исследований},
  location = {М.–Ижевск},
  langid = {russian},
  pagetotal = {481},
  file = {D:\YD\zotero\files\Эрлагер\Эрлагер - 2006 - Гидродинамические методы исследования скважин.pdf}
}

@book{shchelkachevOsnovyPrilozheniyaTeorii1995,
  title = {Основы и приложения теории неустановившейся фильтрации. Часть 1},
  author = {Щелкачев, В.Н.},
  date = {1995},
  publisher = {Нефть и газ},
  location = {Москва},
  abstract = {Приведены решения задач подземной гидродинамики с применениями к разработке нефтеносных и водоносных пластов в условиях неустановив- шихся движений жидкостей в пластах и перераспределения давлений в них. На основании известных аналогий приведенные решения могут быть использованы в теориях теплопроводности, диффузии и других разделах математической физики. Книга может быть использована научными работниками, инженерами и геологами-нефтяниками, гидрогеологами, гидротехниками и студентами соответствующих специальностей. Разделение книги на две части вызвано полиграфическими трудностями в связи с ее большим объемом. Следует учесть, что и в первой и во второй частях книги даются по ходу изложения ссылки на математическое Приложение и Указатель литературы, помещенные в конце второй книги.},
  langid = {russian},
  pagetotal = {586},
  file = {D:\YD\zotero\files\Щелкачев\Щелкачев - 1995 - Основы и приложения теории неустановившейся фильтрации. Часть 1.pdf}
}
