
@article{Schlumberger_1937,
author = {Schlumberger, M. and Doll, H.G. and Perebinossoff, A.A.},
title = {Temperature Measurements in Oil Wells},
journal = {J. Inst. Pet. Technologist},
year = {1937},
month = {January},
number = {23},
pages = {129},
language = {english}
}

@article{Ramey_1962,
author = {Ramey, H.J., Jr},
title = {Wellbore Heat Transmission},
journal = {SPE Journal},
year = {1962},
month = {April},
language = {english},
DOI = {https://doi.org/10.2118/96-PA}
}

@article{Alves_1992,
author = {Alves, I.N. and Alhanati, F.J.S. and Shoham, O},
title = {A Unified Model for Predicting Flowing Temperature Distribution in Wellbores and Pipelines},
journal = {SPE Journal},
year = {1992},
volume = {7},
number = {04},
language = {english},
DOI = {https://doi.org/10.2118/20632-PA}
}

@article{HasanKabir_1994,
author = {Hasan, A.R. and  Kabir, C.S.},
title = {Aspects of Heat Transfer During Two-phase Flow in Wellbores},
journal = {SPE Journal},
year = {1994},
month = {8},
volume = {9},
number = {03},
language = {english},
DOI = {https://doi.org/10.2118/22948-PA}
}

@article{SPE_120628,
	author = {Krasnov, V.A. and Khabibullin, R.A. and Pashali, A.A. and Guk, V. and Litvinenko, K.V. and Elichev, V.A. and Prado, M.},
	title = {Performance Analysis of ESP Systems in High-GLR Wells: From Lab Experiments to Practical Field Applicationss},
	journal = {SPE 120628},
	year = {2009},
	language = {english},
	DOI = {https://doi.org/10.2118/120628-MS}
}

@article{Khasanov_Unified_SPE_2006,
	author = {Khasanov, M.M. and Krasnov, V.A. and Khabibullin, R.A. and Pashali, A.A.},
	title = {Monitoring and Optimization of Well Performance in Rosneft Oil Company–The Experience of the Unified Model Application for Multiphase Hydraulic Calculations},
	journal = {SPE 104359},
	year = {2006},
	language = {english},
	DOI = {https://doi.org/10.2118/104359-RU}
}

@article{Khasanov_depress_test_SPE_2010,
	author = {Khasanov, M.M. and Krasnov, V.A. and Khabibullin, R.A. and Pashali, A.A. and Semenov, A.A.},
	title = {New Method for Fluid Level Depression Test Interpretation Based on Modern Multiphase Flow Calculation Techniques.},
	journal = {SPE 129562},
	year = {2010},
	language = {english},
	DOI = {https://doi.org/10.2118/129562-MS}
}

@article{Guk_Unified_2009,
	author = {Khasanov, M.M. and Krasnov, V.A. and Khabibullin, R.A. and Pashali, A.A. and Guk, V.},
	title = {A Simple Mechanistic Model for Void-Fraction and Pressure-Gradient Prediction in Vertical and Inclined Gas/Liquid Flow},
	journal = {SPE Prod & Oper, SPE-108506-PA A},
	year = {2010},
	month = {01},
	language = {english},
	DOI = {https://doi.org/10.2118/108506-MS}
}

@article{Khasanov_depress_test_2010,
	author = {Хасанов, М.М. and Краснов, В.А. and Хабибуллин, Р.А. and Пашали, А.А. and  Семенов, А.А. },
	title = {Метод интерпретации отжима динамического уровня с использованием современных подходов к расчету многофазного потока},
	journal = {Нефтяное хозяйство},
	year = {2009},
	month = {01},
	language = {russian}
}

@article{Khabibullin_self_flow_2006,
	author = {Хабибуллин, Р.А. and Пашали, А.А. and Краснов, В.А. and Бикбулатов, С.М. and Еличев, В.А. and Михайлов, В.Г.},
	title = {Оптимизация режима работы фонтанирующих скважин в НК «Роснефть»},
	journal = {Нефтяное хозяйство},
	year = {2006},
	month = {09},
	language = {russian}
}

@article{Khasanov_Unified_2006,
	author = {Хасанов, М.М. and Пашали, А.А. and Хабибуллин, Р.А. and Краснов, В.А.},
	title = {Применение унифицированной методики многофазных гидравлических расчетов для мониторинга и оптимизации режимов работы скважин в НК «Роснефть».},
	journal = {Нефтяное хозяйство},
	year = {2006},
	month = {09},
	language = {russian}
}

@article{Khasanov_TR_2006,
	author = {Хасанов, М.М. and Пашали, А.А. and Хабибуллин, Р.А. and Краснов, В.А.},
	title = {Оценка забойного давления механизированной скважины: теория и опыт применения},
	journal = {Научно-технический вестник ОАО НК Роснефть},
	year = {2006},
	month = {02},
	language = {russian}
}

@article{Marquez_2003,
	author = {Marquez, R.A. and Prado, M.G.},
	title = {A New Robust Model For Natural Separation Efficiency},
	journal = {SPE 80922-MS},
	year = {2003},
	language = {english},
	DOI = {https://doi.org/10.2118/80922-MS}
}


@article{Perkins_1993,
	author = {Perkins, T.K.} ,
	title = {Critical and Sub-Critical Flow of Multiphase Mixtures Through Chokes},
	journal = {SPE 20633, SPE Drilling and Complition},
	year = {1993},
	language = {english},
	DOI = {https://doi.org/10.2118/20633-PA}
}

@article{Lee_1966,
	author = {Lee, A.L. and Gonzalez, M.H. and Eakin, B.E.},
	title = {The Viscosity of Natural Gases SPE-1340-PA},
	journal = {J Pet Technol},
	year = {1966},
	language = {english}
}


@article{McCain_1991,
	author = {McCain Jr., W.D.},
	title = {Reservoir-Fluid Property Correlations-State of the Art (includes associated papers 23583 and 23594)},
	journal = {SPE Res Eng SPE-18571-PA},
	year = {1991},
	language = {english},
	DOI = {https://doi.org/10.2118/18571-PA}
}

@article{SPE_117414_2008,
	author = {Khasanov, M.M. and Krasnov, V.A. and Khabibullin, R.A. and Pashali, A.A. and Guk, V. and Litvinenko, K.V. and Elichev, V.A. and Prado, M.},
	title = {High GLR ESP technologies Comparison, Field Test Results},
	journal = {SPE 117414},
	year = {2008},
	language = {english},
	DOI = {https://doi.org/10.2118/117414-RU}
}

@article{SPE_117415_2008,
	author = {Дроздов, А.Н. and Вербицкий, В.С. and Деньгаев, А.В. and Арсеньв, А.А and Литвиненко, В.А. and Хабибуллин, Р.А. and Литвиненко, К.В. and Еличев, В.А.},
	title = {Результаты исследований работы погружных центробежных газосепараторов при эксплуатации 	скважин ООО «РН-Пурнефтегаз» с высоким входным газосодержанием. Сравнение стендовых и промысловых испытаний},
	journal = {SPE 117415},
	year = {2008},
	language = {russian},
	DOI = {https://doi.org/10.2118/117415-RU}
}

@article{Kareem_2015,
	author = {Kareem, L.A. and Iwalewa, T.M. and Al-Marhoun, M.},
	title = {New explicit correlation for the compressibility factor of natural gas: linearized z-factor isotherms.},
	journal = {J Petrol Explor Prod},
	year = {2016},
	language = {english},
	DOI = {https://doi.org/10.1007/s13202-015-0209-3}
}

@article{AL_appl_patt_2007,
	author = {Кудряшов, С.И. and Хасанов, М.М. and Краснов, В.А. and Хабибуллин, Р.А. and Семенов, А.А. },
	title = {Шаблоны Применения Технологий – эффективный способ систематизации знаний.},
	journal = {Нефтяное хозяйство},
	year = {2007},
	month = {11},
	language = {russian}
}

@article{AL_appl_patt_Vankor_2007,
	author = {Хасанов, М.М. and Семенов, А.А. and Пашали, А.А. and Хабибуллин, Р.А.},
	title = {Подход к выбору оптимального способа эксплуатации скважин на примере Ванкорского месторождения.},
	journal = {Нефтяное хозяйство},
	year = {2007},
	month = {11},
	language = {russian}
}

@article{Burtzev_Orenbung_gaslift_2015,
	author = {Шушаков, А.А. and Павлечко, Н.М. and Кибирев, Е.А. and Бурцев, Я.А. and Хабибуллин, Р.А. and Хазиев, А.М. and Кузнецов В.В.},
	title = {Оптимизация работы газлифтного фонда скважин в условиях ЗАО Газпромнефть Оренбург с помощью нового расчетного модуля.},
	journal = {Нефтяное хозяйство},
	year = {2015},
	month = {12},
	language = {russian}
}

@article{offshore_gaslift_2015,
	author = {Lubnin, A.A. and Yudin, E.V. and Fazlytdinov, R.F. and Khabibullin, R.A. and Grishchenko, E.N. and Bovt, A.V.},
	title = {A New Approach of Gas Lift Wells Production Optimization on Offshore Fields},
	journal = {SPE-181903},
	year = {2016},
	language = {english},
	DOI = {https://doi.org/10.2118/181903-RU},
	media = {Text}
}

@article{Gridin_2018,
	author = {Гридин, В.М.},
	title = {Расчет характеристик асинхронных двигателей по каталожным данным.},
	year = {2018},
	month = {9},
	language = {russian},
	DOI = {http://dx.doi.org/10.24160/0013-5380-2018-9-44-48}
}

@Online{Gridin,
	author = {Гридин, В.М.},
	title = {Расчет параметров и характеристик асинхронных двигателей.Методические указания к выполнению домашнего задания по курсу Электротехника и электроника},
	url = {http://wwwcdl.bmstu.ru/fn7/Gridin.pdf},
	language = {russian},
	urldate = {2020-06-04},
}

% скин фактор 

@article{Hawkins_1956,
	title={A Note on the Skin Effect},
	author={M. F. Hawkins},
	journal = {Journal of Petroleum Technology},
	year={1956},
	DOI = {https://doi.org/10.2118/732-G}
}

@article{Everdingen_1953,
	title={The Skin Effect and Its Influence on the Productive Capacity of a Well},
	author={A. F. V. Everdingen},
	journal={Journal of Petroleum Technology},
	year={1953},
	volume={5},
	pages={171-176},
	DOI = {https://doi.org/10.2118/203-G}
}

@article{Everdingen_1949,
	title={The Application of the Laplace Transformation to Flow Problems in Reservoirs},
	author={A. F. V. Everdingen and W. Hurst},
	year={1949},
	journal = {Journal of Petroleum Technology},
	DOI = {https://doi.org/10.2118/949305-G}
}

@article{Stehfest_1970,
	title={Algorithm 368: Numerical inversion of Laplace transforms},
	author={H. Stehfest},
	year={1970},
	volume={13(1)},
	journal = {Communications of the ACM},
	DOI = {https://doi.org/10.1145/361953.361969}
}