@book{HasanKabir_HeatTransfer_2002,
author = {Hasan, A.R. and  Kabir, C.S.},
title = {Fluid Flow and Heat Tranfer in Wellbores},
publisher = {SPE},
year = {2002},
numpages = {181},
language = {english}
}


@book{Yukos_PVT_2002,
	author = {Хасанов, М.М. and  Байков, В.А. and Афанасьев, В.Ю. and Мухамедшин, Р.К. and Булгакова, Г.Т. and Гладков, А.В.},
	title = {Стандарт компании ЮКОС. Физические свойства нефти. Методы расчета},
	publisher = {Уфа Москва},
	year = {2002},
	numpages = {45},
	language = {russian}
}

@book{KBrown_AL_methods_vol4,
	author = {Brown, K.E.},
	title = {The Technology of Artificial Lift Methods. Volume 4. Production Optimization of Oil and Gas Wells by Nodal System Analysis},
	publisher = {PennWell},
	year = {1984},
	numpages = {464},
	language = {english}
}


@Online{Bratland_Pipe_Flow_1,
	author = {Bratland, Ove},
	title = {Pipe Flow 1. Single-phase flow assurance},
	url = {http://www.drbratland.com/free-book-pipe-flow-1-single-phase-flow-assurance/},
	language = {english},
	urldate = {2020-06-04},
}

@Online{Bratland_Pipe_Flow_2,
	author = {Bratland, Ove},
	title = {Pipe Flow 2. Multi-phase flow assurance},
	url = {http://www.drbratland.com/free-book-pipe-flow-2-multi-phase-flow-assurance/},
	language = {english},
	urldate = {2020-06-04},
}

@book{Gabor_ESP,
	author = {Gabor, T.},
	title = {Electrical Submersible Pumps Manual. 2nd edition},
	publisher = {Elsevier},
	year = {2018},
	numpages = {578},
	language = {english},
	DOI = {10.1016/B978-1-85617-557-9.X0001-2}
}


@Reference{Novomet_2013,
	title = {Каталог продукции Новомет 2013},
	media = {text},
	langid = {russian},
}

@book{Gabor_ESP,
	author = {Gabor, T.},
	title = {Electrical Submersible Pumps Manual. 2nd edition},
	publisher = {Elsevier},
	year = {2018},
	numpages = {578},
	language = {english},
	DOI = {10.1016/B978-1-85617-557-9.X0001-2}
}